<?xml version="1.0" encoding="UTF-8"?><collection xmlns="http://www.loc.gov/MARC21/slim"><record><leader>00388nam--2200133-i-4500</leader><controlfield tag="001">000025452</controlfield><controlfield tag="002">20161230</controlfield><controlfield tag="005">20161230201035</controlfield><controlfield tag="008">060222s1000------------r-----000-0-eng-d</controlfield><datafield ind1=" " ind2=" " tag="080"><subfield code="a">551.510.535</subfield></datafield><datafield ind1=" " ind2=" " tag="100"><subfield code="a">Jouaust, Raymond</subfield></datafield><datafield ind1=" " ind2=" " tag="245"><subfield code="a">L`inosphere, preface de charles maurain</subfield></datafield><datafield ind1=" " ind2=" " tag="260"><subfield code="a">Paris, Editions De La Revue D`Optique Theorique Et Instrumentale, 1946, Viii + 286p</subfield></datafield><datafield ind1=" " ind2=" " tag="852"><subfield code="a">47674</subfield></datafield></record></collection>